% TODO remove this
@manual{GOOGLE,
  author = {Google},
  title  = {Google},
  url   = {https://google.com},
  year   = {2025}
}